<record><leader>00000cas a2200000 a 4500</leader><controlfield tag="001">10393821</controlfield><controlfield tag="008">840209d18441847maudn ne      0    0eng c</controlfield><datafield ind1=" " ind2=" " tag="010"><subfield code="a">sn 84022418 </subfield></datafield><datafield ind1=" " ind2=" " tag="040"><subfield code="a">NPX</subfield><subfield code="b">eng</subfield><subfield code="c">NPX</subfield><subfield code="d">DLC</subfield><subfield code="d">MGN</subfield><subfield code="d">DLC</subfield><subfield code="d">OCLCQ</subfield><subfield code="d">OCLCF</subfield><subfield code="d">OCLCO</subfield></datafield><datafield ind1="1" ind2=" " tag="029"><subfield code="a">AU@</subfield><subfield code="b">000020414524</subfield></datafield><datafield ind1=" " ind2=" " tag="042"><subfield code="a">pcc</subfield></datafield><datafield ind1=" " ind2=" " tag="043"><subfield code="a">n-us-ma</subfield></datafield><datafield ind1="0" ind2="0" tag="050"><subfield code="a">Newspaper</subfield></datafield><datafield ind1="0" ind2="0" tag="245"><subfield code="a">Daily American eagle.</subfield></datafield><datafield ind1="3" ind2="0" tag="246"><subfield code="a">Boston daily pennant</subfield></datafield><datafield ind1="1" ind2="3" tag="246"><subfield code="a">Daily eagle</subfield><subfield code="f">&lt;1846&gt;</subfield></datafield><datafield ind1=" " ind2=" " tag="260"><subfield code="a">Boston [Mass.] :</subfield><subfield code="b">Baker, French, Harmon &amp; Co.,</subfield><subfield code="c">1844-</subfield></datafield><datafield ind1=" " ind2=" " tag="300"><subfield code="a">v. ;</subfield><subfield code="c">51 cm.</subfield></datafield><datafield ind1=" " ind2=" " tag="310"><subfield code="a">Daily (except Sunday)</subfield></datafield><datafield ind1="0" ind2=" " tag="362"><subfield code="a">Vol. 1, no. 1 (Dec. 3, 1844)-</subfield></datafield><datafield ind1="1" ind2=" " tag="362"><subfield code="a">Ceased May 19, 1847.</subfield></datafield><datafield ind1=" " ind2=" " tag="500"><subfield code="a">Title was originally intended to be "Boston daily pennant," and was so advertised in a prospectus issued Nov. 30, 1844.</subfield></datafield><datafield ind1=" " ind2=" " tag="500"><subfield code="a">"American" appears in title ornament, &lt;1846&gt;.</subfield></datafield><datafield ind1=" " ind2=" " tag="500"><subfield code="a">Publishers: John A. French &amp; Co., &lt;1846&gt;; French &amp; Stowers, &lt;1847&gt;.</subfield></datafield><datafield ind1=" " ind2=" " tag="500"><subfield code="a">American Republican, 1844; Native American, 1845-&lt;184&gt;.</subfield></datafield><datafield ind1=" " ind2=" " tag="500"><subfield code="a">Editor: C.W. Denison, &lt;1847&gt;.</subfield></datafield><datafield ind1=" " ind2=" " tag="530"><subfield code="a">Also issued on microfilm from the Library of Congress, Photoduplication Service.</subfield></datafield><datafield ind1=" " ind2=" " tag="580"><subfield code="a">Weekly eds.: Weekly American eagle, 1844-1846, and: Weekly tocsin, 1846-1847.</subfield></datafield><datafield ind1=" " ind2="0" tag="651"><subfield code="a">Boston (Mass.)</subfield><subfield code="v">Newspapers.</subfield></datafield><datafield ind1=" " ind2="7" tag="655"><subfield code="a">Newspapers.</subfield><subfield code="2">fast</subfield><subfield code="0">(OCoLC)fst01423814</subfield></datafield><datafield ind1=" " ind2="7" tag="651"><subfield code="a">Massachusetts</subfield><subfield code="z">Boston.</subfield><subfield code="2">fast</subfield><subfield code="0">(OCoLC)fst01205012</subfield></datafield><datafield ind1=" " ind2=" " tag="752"><subfield code="a">United States</subfield><subfield code="b">Massachusetts</subfield><subfield code="c">Suffolk</subfield><subfield code="d">Boston.</subfield></datafield><datafield ind1="1" ind2=" " tag="775"><subfield code="t">Weekly American eagle (Boston, Mass.)</subfield><subfield code="w">(DLC)sn 84022419</subfield><subfield code="w">(OCoLC)10393969</subfield></datafield><datafield ind1="1" ind2=" " tag="775"><subfield code="t">Weekly tocsin</subfield><subfield code="w">(DLC)sn 84022420</subfield><subfield code="w">(OCoLC)10394105</subfield></datafield></record>